<?xml version="1.0" encoding="UTF-8"?><record xmlns="http://www.loc.gov/MARC21/slim" xmlns:cinclude="http://apache.org/cocoon/include/1.0" xmlns:zs="http://www.loc.gov/zing/srw/">
  <leader>00542nz  a2200145n  4500</leader>
  <controlfield tag="001">no2009020361</controlfield>
  <controlfield tag="003">DLC</controlfield>
  <controlfield tag="005">20090212082207.0</controlfield>
  <controlfield tag="008">090210n| acannaabn          |a ana     c</controlfield>
  <datafield tag="010" ind1=" " ind2=" ">
    <subfield code="a">no2009020361</subfield>
  </datafield>
  <datafield tag="035" ind1=" " ind2=" ">
    <subfield code="a">(OCoLC)oca08011059</subfield>
  </datafield>
  <datafield tag="040" ind1=" " ind2=" ">
    <subfield code="a">OC</subfield>
    <subfield code="b">eng</subfield>
    <subfield code="c">OC</subfield>
  </datafield>
  <datafield tag="110" ind1="2" ind2=" ">
    <subfield code="a">Norwood Business &amp; Professional Women's Club</subfield>
  </datafield>
  <datafield tag="410" ind1="2" ind2=" ">
    <subfield code="a">Norwood Business and Professional Women's Club</subfield>
  </datafield>
  <datafield tag="670" ind1=" " ind2=" ">
    <subfield code="a">Norwood Business &amp; Professional Women's Club WWW site, Feb. 10, 2009:</subfield>
    <subfield code="b">home page, etc. (Norwood Business &amp; Professional Women's Club; Norwood, OH; est. in 1934)</subfield>
  </datafield>
</record>